<?xml version="1.0" encoding="UTF-8"?>
<marc:collection xmlns:marc="http://www.loc.gov/MARC21/slim" xmlns:xsi="http://www.w3.org/2001/XMLSchema-instance" xsi:schemaLocation="http://www.loc.gov/MARC21/slim http://www.loc.gov/standards/marcxml/schema/MARC21slim.xsd">
   <marc:record type="Bibliographic">
      <marc:leader>01963cam a2200421 a 4500</marc:leader>
      <marc:controlfield tag="001">1110451</marc:controlfield>
      <marc:controlfield tag="003">NjP</marc:controlfield>
      <marc:controlfield tag="005">20150109094603.0</marc:controlfield>
      <marc:controlfield tag="008">970115q19001997ua            000 0 ara d</marc:controlfield>
      <marc:datafield tag="024" ind1="7" ind2=" ">
         <marc:subfield code="a">princeton_aco000371</marc:subfield>
         <marc:subfield code="2">local</marc:subfield>
      </marc:datafield>
      <marc:datafield tag="035" ind1=" " ind2=" ">
         <marc:subfield code="a">(OCoLC)ocn176506422</marc:subfield>
      </marc:datafield>
      <marc:datafield tag="035" ind1=" " ind2=" ">
         <marc:subfield code="a">(OCoLC)36264830</marc:subfield>
      </marc:datafield>
      <marc:datafield tag="035" ind1=" " ind2=" ">
         <marc:subfield code="a">(OCoLC)176506422</marc:subfield>
      </marc:datafield>
      <marc:datafield tag="035" ind1=" " ind2=" ">
         <marc:subfield code="a">(CStRLIN)NJPG97-B3272</marc:subfield>
      </marc:datafield>
      <marc:datafield tag="035" ind1=" " ind2=" ">
         <marc:subfield code="9">CCK4545TS</marc:subfield>
      </marc:datafield>
      <marc:datafield tag="035" ind1=" " ind2=" ">
         <marc:subfield code="a">(NjP)1110451</marc:subfield>
      </marc:datafield>
      <marc:datafield tag="040" ind1=" " ind2=" ">
         <marc:subfield code="a">NjP</marc:subfield>
         <marc:subfield code="c">PUL</marc:subfield>
         <marc:subfield code="d">PUL</marc:subfield>
      </marc:datafield>
      <marc:datafield tag="049" ind1=" " ind2=" ">
         <marc:subfield code="a">PULL</marc:subfield>
      </marc:datafield>
      <marc:datafield tag="079" ind1=" " ind2=" ">
         <marc:subfield code="a">ocm36264830</marc:subfield>
      </marc:datafield>
      <marc:datafield tag="100" ind1="1" ind2=" ">
         <marc:subfield code="6">880-01</marc:subfield>
         <marc:subfield code="a">Khuḍarī, Muḥammad,</marc:subfield>
         <marc:subfield code="d">1872-1927.</marc:subfield>
      </marc:datafield>
      <marc:datafield tag="245" ind1="1" ind2="0">
         <marc:subfield code="6">880-02</marc:subfield>
         <marc:subfield code="a">Muḥāḍarāt fī bayān al-akhṭāʼ al-ʻilmīyah al-tārīkhīyah allatī ishtamala ʻalayhā kitāb Fī al-shiʻr al-Jāhilī /</marc:subfield>
         <marc:subfield code="c">li-ḥaḍrat Muḥammad al-Khuḍarī.</marc:subfield>
      </marc:datafield>
      <marc:datafield tag="260" ind1=" " ind2=" ">
         <marc:subfield code="6">880-03</marc:subfield>
         <marc:subfield code="a">al-Qāhirah :</marc:subfield>
         <marc:subfield code="b">[s.n.,</marc:subfield>
         <marc:subfield code="c">19--]</marc:subfield>
      </marc:datafield>
      <marc:datafield tag="300" ind1=" " ind2=" ">
         <marc:subfield code="a">85 p. ;</marc:subfield>
         <marc:subfield code="c">25 cm.</marc:subfield>
      </marc:datafield>
      <marc:datafield tag="500" ind1=" " ind2=" ">
         <marc:subfield code="6">880-04</marc:subfield>
         <marc:subfield code="a">Special supplement to Majallat al-qaḍāʼ al-sharʻī.</marc:subfield>
      </marc:datafield>
      <marc:datafield tag="590" ind1=" " ind2=" ">
         <marc:subfield code="a">Princeton's copy signed by Aḥmad Zakī Abū Shādī.</marc:subfield>
      </marc:datafield>
      <marc:datafield tag="600" ind1="1" ind2="0">
         <marc:subfield code="6">880-05</marc:subfield>
         <marc:subfield code="a">Ḥusayn, Ṭāhā,</marc:subfield>
         <marc:subfield code="d">1889-1973.</marc:subfield>
         <marc:subfield code="t">Fī al-shiʻr al-Jāhilī.</marc:subfield>
      </marc:datafield>
      <marc:datafield tag="650" ind1=" " ind2="0">
         <marc:subfield code="a">Arabic poetry</marc:subfield>
         <marc:subfield code="y">To 622</marc:subfield>
         <marc:subfield code="x">History and criticism.</marc:subfield>
      </marc:datafield>
      <marc:datafield tag="730" ind1="0" ind2=" ">
         <marc:subfield code="6">880-06</marc:subfield>
         <marc:subfield code="a">Majallat al-qaḍāʼ al-sharʻī.</marc:subfield>
         <marc:subfield code="p">Supplement.</marc:subfield>
      </marc:datafield>
      <marc:datafield tag="880" ind1="1" ind2=" ">
         <marc:subfield code="6">100-01/r</marc:subfield>
         <marc:subfield code="a">خضري، محمد،</marc:subfield>
         <marc:subfield code="d">1872-1927.</marc:subfield>
      </marc:datafield>
      <marc:datafield tag="880" ind1="1" ind2="0">
         <marc:subfield code="6">245-02/r</marc:subfield>
         <marc:subfield code="a">محاضرات في بيان الاخطاء العلمية التاريخية التي اشتمل عليها كتاب في الشعر الجاهلي /</marc:subfield>
         <marc:subfield code="c">لحضرة محمد الخضري.</marc:subfield>
      </marc:datafield>
      <marc:datafield tag="880" ind1=" " ind2=" ">
         <marc:subfield code="6">260-03/r</marc:subfield>
         <marc:subfield code="a">القاهرة :</marc:subfield>
         <marc:subfield code="b">[s.n.,</marc:subfield>
         <marc:subfield code="c">19--]</marc:subfield>
      </marc:datafield>
      <marc:datafield tag="880" ind1=" " ind2=" ">
         <marc:subfield code="6">500-04/r</marc:subfield>
         <marc:subfield code="a">Special supplement to مجلة القضاء الشرعي.</marc:subfield>
      </marc:datafield>
      <marc:datafield tag="880" ind1="1" ind2="0">
         <marc:subfield code="6">600-05/r</marc:subfield>
         <marc:subfield code="a">حسين، طه،</marc:subfield>
         <marc:subfield code="d">1889-1973.</marc:subfield>
         <marc:subfield code="t">في الشعر الجاهلي.</marc:subfield>
      </marc:datafield>
      <marc:datafield tag="880" ind1="0" ind2=" ">
         <marc:subfield code="6">730-06/r</marc:subfield>
         <marc:subfield code="a">مجلة القضاء الشرعي.</marc:subfield>
         <marc:subfield code="p">Supplement.</marc:subfield>
      </marc:datafield>
      <marc:datafield tag="856" ind1="4" ind2=" ">
         <marc:subfield code="u">http://hdl.handle.net/2027/njp.32101029592191</marc:subfield>
      </marc:datafield>
      <marc:datafield tag="998" ind1=" " ind2=" ">
         <marc:subfield code="a">01/15/97</marc:subfield>
         <marc:subfield code="s">9114</marc:subfield>
         <marc:subfield code="n">NjP</marc:subfield>
         <marc:subfield code="d">01/15/97</marc:subfield>
         <marc:subfield code="c">JEB</marc:subfield>
         <marc:subfield code="b">JEB</marc:subfield>
         <marc:subfield code="i">970115</marc:subfield>
         <marc:subfield code="l">NJPG</marc:subfield>
      </marc:datafield>
      <marc:datafield tag="911" ind1=" " ind2=" ">
         <marc:subfield code="a">19970123</marc:subfield>
      </marc:datafield>
      <marc:datafield tag="912" ind1=" " ind2=" ">
         <marc:subfield code="a">19970115000000.0</marc:subfield>
      </marc:datafield>
      <marc:datafield tag="994" ind1=" " ind2=" ">
         <marc:subfield code="a">C0</marc:subfield>
         <marc:subfield code="b">PUL</marc:subfield>
      </marc:datafield>
      <marc:datafield tag="999" ind1=" " ind2=" ">
         <marc:subfield code="a">1110451</marc:subfield>
      </marc:datafield>
   </marc:record>
</marc:collection>
